@misc{tesiBenazzi,
    author    = "Benazzi Daniel",
    title     = "Cluster Hadoop su un cluster Swarm: un approccio automatizzato",
    year      = "2023",
    url       = "https://amslaurea.unibo.it/29797/1/benazzi_daniel_tesi.pdf"
}
@misc{tesiCaravaggio,
    author    = "Caravaggio Domenico",
    title     = "Ansible: utilizzi in sistemi distribuiti",
    year      = "2020",
    url       = "https://amslaurea.unibo.it/21744/1/caravaggio_domenico_tesi.pdf"
}
@misc{ansibleDocInventory,
    author    = "Ansible",
    title     = "How to build your inventory",
    year      = "visited Jan 2024",
    url       = "
https://docs.ansible.com/ansible/latest/inventory_guide/intro_inventory.html#example-group-by-location"
}
@misc{ansibleDocNewModules,
    author    = "Ansible",
    title     = "Developing modules",
    year      = "visited Jan 2024",
    url       = "
https://docs.ansible.com/ansible/latest/dev_guide/developing_modules_general.html#developing-modules-general"
}
@misc{redhatModules,
    author    = "RedHat",
    title     = "What is an Ansible moduleâ€”and how does it work?",
    year      = "visited Jan 2024",
    url       = "
https://www.redhat.com/it/topics/automation/what-is-an-ansible-module"
}
@misc{infoAnsibleSimeon,
    author    = "Simeon Security",
    title     = "Automation Showdown: Ansible vs. Puppet vs. Chef - A Comparison of Key Automation Tools",
    year      = "created: 30/06/2023, visited: Jan 2024",
    url       = "https://it.simeononsecurity.com/articles/ansible-vs-puppet-vs-chef/#panoramica-di-ansible",
}
@misc{historyAnsible,
    author    = "Michael DeHaan",
    title     = "The Origins of Ansible",
    year      = "2013",
    url       = "https://www.ansible.com/blog/2013/12/08/the-origins-of-ansible",
}
@misc{historyAnsible2,
    author    = "Michael DeHaan",
    title     = "Ansible - A Simple Model-Driven Configuration Management And Command Execution Framewor",
    year      = "2012",
    url      = "http://highscalability.com/blog/2012/4/18/ansible-a-simple-model-driven-configuration-management-and-c.html",
}
@misc{hintoAnsible,
    author    = "Michael DeHaan",
    title     = "Automatizzare con Ansible",
    year      = "2021",
    url       = "https://www.hinto.com/it/blog/automatizzare-con-ansible",
}
@misc{ansibleDocInstall,
    author    = "Ansible",
    title     = "Installation Guide",
    year      = "2021",
    url       = "https://docs.ansible.com/ansible/latest/installation_guide/index.html",
}
@misc{ansibleRedHat,
    author    = "Ansible",
    title     = "Red Hat acquires Ansible, the open source IT automation company.",
    year      = "2015",
    url       = "https://www.ansible.com/blog/red-hat",
}
@book{learnDevOps,
  author         = {Verona J, Swartout P, Duffy M.},
  editor         = {Packt Publishing},
  title          = {Learning DevOps: Continuously Deliver Better Software},
  year           = {2016}
}
@misc{ansibleAutomationPlatform,
    author    = "Red Hat",
    title     = "Red Hat Ansible Automation Platform",
    year      = "visited Feb 2024",
    url       = "https://www.redhat.com/en/technologies/management/ansible",
}
@misc{ansibleFaq,
    author    = "Red Hat",
    title     = "The AWX Project FAQ",
    year      = "visited Feb 2024",
    url       = "https://www.ansible.com/faq",
}
@misc{ansibleAwxAAP,
    author    = "Red Hat",
    title     = "Understanding Ansible, AWX, and Ansible Automation Platform",
    year      = "visited Feb 2024",
    url       = "https://www.redhat.com/en/technologies/management/ansible/compare-awx-vs-ansible-automation-platform?hsLang=en-us
",
}


